<?xml version="1.0" encoding="UTF-8"?><collection xmlns="http://www.loc.gov/MARC21/slim"><record><leader>00409nam--2200133-i-4500</leader><controlfield tag="001">000013095</controlfield><controlfield tag="002">20161230</controlfield><controlfield tag="005">20161230201030</controlfield><controlfield tag="008">060222s1000------------r-----000-0-eng-d</controlfield><datafield ind1=" " ind2=" " tag="080"><subfield code="a">621.039.85:615.849</subfield></datafield><datafield ind1=" " ind2=" " tag="100"><subfield code="a">Balaban,A.T., Galateanu, I. /S.A.</subfield></datafield><datafield ind1=" " ind2=" " tag="245"><subfield code="a">Compusi marcati si radiofarmaceutici cu aplica tii in medicina nucleara</subfield></datafield><datafield ind1=" " ind2=" " tag="260"><subfield code="a">Bucuresti, Editura Academiei R.S.R., 1979, 495 P</subfield></datafield><datafield ind1=" " ind2=" " tag="852"><subfield code="a">47280</subfield></datafield></record></collection>